@misc{EIA,
  author = {{Department of Energy}},
  title = {{2011 Buildings Energy Data Book}},
  note = "\url{http://buildingsdatabook.eren.doe.gov/}"	}

@misc{BACnet,
  author = {{American Society of Heating, Refrigerating and Air-Conditioning Engineers}},
  title = {{ASHRAE Standard 135-1995: BACnet}},
  note = "ASHRAE, Inc., 1995"	}

@patent{GZC,
 title     = {Computing frequency by using generalized zero-crossing applied to intrinsic mode functions},
 number    = {6990436},
 author    = {Huang, Norden E.},
 year      = {2006},
 month     = {January},
}

@book{MDS,
  added-at = {2010-02-27T01:05:18.000+0100},
  author = {Duda, R.O. and Hart, P.E. and Stork, D.G.},
  biburl = {http://www.bibsonomy.org/bibtex/2a6824e97e00aeeaf2eff9695079d58aa/tb2332},
  interhash = {5af620770e95f6b9ccffca6b3638a8ae},
  intrahash = {a6824e97e00aeeaf2eff9695079d58aa},
  keywords = {imported},
  owner = {thierry},
  publisher = {Wiley},
  timestamp = {2010-02-27T01:05:18.000+0100},
  title = {Pattern Classification},
  year = 2001
}

@article{EMD,
	author = {Huang, N. E. and Shen, Z. and Long, S. R. and Wu, M. C. and Shih, H. H. and Zheng, Q. and Yen, N. C. and Tung, C. C. and Liu, H. H.},
	journal = {Proceedings of the Royal Society of London. Series A: Mathematical, Physical and Engineering Sciences},
    publisher = {The Royal Society},
    title = {{The empirical mode decomposition and the Hilbert spectrum for nonlinear and non-stationary time series analysis}},
    url = {http://dx.doi.org/10.1098/rspa.1998.0193},
    year = {1998}
}

@article{IF,
    author = {Huang, Norden E. and Wu, Zhaohua and Long, Steven R. and Arnold, Kenneth C. and Chen, Xianyao and Blank, Karin},
    journal = {Advances in Adaptive Data Analysis},
    key = {huang2009},
    keywords = {hilbert\_huang, phase\_extract, sympath\_freq},
    number = {2},
    priority = {2},
    publisher = {World Scientific Publishing Company},
    title = {{On Instantaneous Frequency}},
    volume = {1},
    year = {2009}
}

@article{6lowpan,
  title={{Extending IP to Low-Power, Wireless Personal Area Networks}},
  author={Hui, Jonathan W. and Culler, David E.},
  journal={Internet Computing, IEEE},
  year={2008},
  month={July-Aug. },
  volume={12},
  number={4},
}

@article{speech,
title = {{Speech pitch determination based on Hilbert-Huang transform}},
journal = "Signal Processing ",
volume = "86",
number = "4",
pages = "792 - 803",
year = "2006",
note = "",
issn = "0165-1684",
doi = "http://dx.doi.org/10.1016/j.sigpro.2005.06.011",
url = "http://www.sciencedirect.com/science/article/pii/S0165168405002367",
author = "Hai Huang and Jiaqiang Pan",
keywords = "Speech analysis",
keywords = "Hilbert-Huang transform",
keywords = "Pitch determination "
}

@article {climate,
author = {Lee, T. and Ouarda, T. B. M. J.},
title = {Prediction of climate nonstationary oscillation processes with empirical mode decomposition},
journal = {Journal of Geophysical Research: Atmospheres},
volume = {116},
number = {D6},
keywords = {decomposition, global surface temperature anomalies, nonstationary oscillations, time series},
year = {2011},
}

@inproceedings{smap,
 author = {Dawson-Haggerty, Stephen and Jiang, Xiaofan and Tolle, Gilman and Ortiz, Jorge and Culler, David},
 title = {{sMAP: a simple measurement and actuation profile for physical information}},
 booktitle = {Proceedings of the 8th ACM Conference on Embedded Networked Sensor Systems},
 series = {SenSys '10},
 year = {2010},
 location = {Z\&\#252;rich, Switzerland},
 numpages = {14},
 acmid = {1870003},
 keywords = {instrumentation, sensor data},
}

@techreport{Jay,
    Author = {Taneja, Jay and Krioukov, Andrew and Dawson-Haggerty, Stephen and Culler, David E.},
    Title = {{Enabling Advanced Environmental Conditioning with a Building Application Stack}},
    Institution = {EECS Department, University of California, Berkeley},
    Year = {2013},
    Month = {Feb},
    URL = {http://www.eecs.berkeley.edu/Pubs/TechRpts/2013/EECS-2013-14.html},
    Number = {UCB/EECS-2013-14},
}

@inproceedings{IOT,
 author = {Fontugne, Romain and Ortiz, Jorge and Culler, David and Esaki, Hiroshi},
 title = {Empirical mode decomposition for intrinsic-relationship extraction in large sensor deployments},
 booktitle = {Workshop on Internet of Things Applications},
 series = {IoT-App'12},
 year = {2012},
 keywords = {anomaly detection, building, energy consumption},
}


@inproceedings{SBS,
 author = {Fontugne, Romain and Ortiz, Jorge and Tremblay, Nicolas and Borgnat, Pierre and Flandrin, Patrick and Fukuda, Kensuke and Culler, David and Esaki, Hiroshi},
 title = {{Strip, bind, and search: a method for identifying abnormal energy consumption in buildings}},
 booktitle = {Proceedings of the 12th international conference on Information processing in sensor networks},
 series = {IPSN '13},
 year = {2013},
 keywords = {anomaly detection, building, energy consumption},
}

@INPROCEEDINGS{MPC, 
author={Yudong Ma and Borrelli, F.}, 
booktitle={American Control Conference (ACC), 2012}, 
title={Fast stochastic predictive control for building temperature regulation}, 
year={2012}, 
keywords={building management systems;closed loop systems;energy consumption;matrix algebra;nonlinear control systems;predictive control;probability;quadratic programming;stochastic systems;temperature control;NLP;bilinear thermal network model;building thermal temperature regulation;energy consumption minimization;nonlinear program;nonlinear stochastic model predictive control approach;occupancy prediction;partial closed-loop control scheme;sequential quadratic programming method;state variance matrices;stochastic MPC problem;thermal comfort violation probability;weather prediction;Buildings;Coils;Cooling;Energy consumption;Mathematical model;Stochastic processes;Temperature distribution}, 
}

@inproceedings{blueprints,
 author = {Lu, Jiakang and Whitehouse, Kamin},
 title = {Smart blueprints: automatically generated maps of homes and the devices within them},
 booktitle = {Proceedings of the 10th international conference on Pervasive Computing},
 series = {Pervasive'12},
 year = {2012},
}

@inproceedings{failure,
 author = {Kapitanova, Krasimira and Hoque, Enamul and Stankovic, John A. and Whitehouse, Kamin and Son, Sang H.},
 title = {{Being SMART about failures: assessing repairs in SMART homes}},
 booktitle = {Proceedings of the 2012 ACM Conference on Ubiquitous Computing},
 series = {UbiComp '12},
 year = {2012},
 keywords = {activity recognition, failure detection, failure severity, machine learning, wireless sensor networks},
}

@inproceedings{Dstream,
 author = {Chen, Yixin and Tu, Li},
 title = {Density-based clustering for real-time stream data},
 booktitle = {Proceedings of the 13th ACM SIGKDD international conference on Knowledge discovery and data mining},
 series = {KDD '07},
 year = {2007},
 keywords = {d-stream, density-based clustering, sporadic grids, stream data mining},
}

@INPROCEEDINGS{ecg, 
author={Arafat, A. and Hasan, T.}, 
booktitle={IEEE International Conference on Acoustics, Speech and Signal Processing (ICASSP)}, 
title={{Automatic detection of ECG wave boundaries using empirical mode decomposition}}, 
year={2009}, 
keywords={electrocardiography;medical signal detection;ECG wave boundaries detection;arrhythmia database;empirical mode decomposition;intrinsic mode functions;reference annotated database;threshold-based detector;Databases;Detectors;Electrocardiography;Filtering;Finite impulse response filter;Frequency;Noise reduction;Power engineering and energy;Robustness;Signal analysis;ECG characteristic waves;empirical mode decomposition;intrinsic mode function}, 
}

@INPROCEEDINGS{ip, 
author={Mohammadzade, H. and Agrafioti, F. and Jiexin Gao and Hatzinakos, D.}, 
booktitle={IEEE International Conference on Acoustics, Speech and Signal Processing (ICASSP)}, 
title={{BEMD for expression transformation in face recognition}}, 
year={2011}, 
keywords={face recognition;image resolution;pose estimation;2D BEMD;bivariate empirical mode decomposition;face recognition;facial expression transformation;intra-class variability prediction;multiresolution face analysis;pose recognizer;Biometrics;Databases;Face;Face recognition;Image recognition;Probes;Video sequences;Empirical mode decomposition;correlation coefficient;linear discriminant analysis}, 
}

